@Book{christen12data,
  author =       {P. Christen},
  title =        {Data Matching: Concepts and Techniques for Record Linkage, Entity Resolution, and Duplicate Detection},
  publisher =    {Springer},
  year =         {2012},
  OPTkey =       {},
  OPTvolume =    {},
  OPTnumber =    {},
  OPTseries =    {},
  OPTaddress =   {},
  OPTedition =   {},
  OPTmonth =     {},
  OPTnote =      {},
  OPTannote =    {}
}

@Article{christen12survey,
  author =       {P. Christen},
  title =        {A Survey of Indexing Techniques for Scalable Record Linkage and Deduplication},
  journal =      {IEEE Transactions on Knowledge and Data Engineering},
  year =         {2012},
  OPTkey =       {},
  volume =       {24},
  number =       {9},
  OPTpages =     {},
  OPTmonth =     {},
  OPTnote =      {},
  OPTannote =    {}
}

@TechReport{winkler06overview,
  author =       {W.~E. Winkler},
  title =        {Overview of Record Linkage and Current Research Directions},
  institution =  {U.S. Bureau of the Census Statistical Research Division},
  year =         {2006},
  OPTkey =       {},
  OPTtype =      {},
  OPTnumber =    {},
  OPTaddress =   {},
  OPTmonth =     {},
  OPTnote =      {},
  OPTannote =    {}
}

@Article{steorts??bayesian,
  author =       {R.~C. Steorts and R. Hall and S.~E. Fienberg},
  title =        {A {B}ayesian Approach to Graphical record Linkage and De-duplication},
  journal =      {Journal of the American Statistical Society},
  year =         {In press},
  OPTkey =       {},
  OPTvolume =    {},
  OPTnumber =    {},
  OPTpages =     {},
  OPTmonth =     {},
  OPTnote =      {},
  OPTannote =    {}
}

@Article{steorts15entity,
  author =       {R.~C. Steorts},
  title =        {Entity Resolution with Empirically Motivated Priors},
  journal =      {Bayesian Analysis},
  year =         {2015},
  OPTkey =       {},
  volume =       {10},
  number =       {4},
  pages =        {849--875},
  OPTmonth =     {},
  OPTnote =      {},
  OPTannote =    {}
}

@Article{steorts14smered,
  author =       {R.~C. Steorts and R. Hall and S.~E. Fienberg},
  title =        {{SMERED}: A {B}ayesian Approach to Graphical Record Linkage and De-duplication},
  journal =      {Journal of Machine Learning Research},
  year =         {2014},
  OPTkey =       {},
  volume =       {33},
  OPTnumber =    {},
  pages =        {922--930},
  OPTmonth =     {},
  OPTnote =      {},
  OPTannote =    {}
}

@Article{richardson97bayesian,
  author =       {S. Richardson and P.~J. Green},
  title =        {On {B}ayesian Analysis of Mixtures with an Unknown Number of Components},
  journal =      {Journal of the Royal Statistical Society Series B},
  year =         {1997},
  OPTkey =       {},
  OPTvolume =    {},
  OPTnumber =    {},
  pages =        {731--792},
  OPTmonth =     {},
  OPTnote =      {},
  OPTannote =    {}
}

@Unpublished{miller15mixture,
  author =       {J.~W. Miller and M.~T. Harrison},
  title =        {Mixture Models with a Prior on the Number of Components},
  note =         {arXiv:1502.06241},
  OPTkey =       {},
  OPTmonth =     {},
  year =         {2015},
  OPTannote =    {}
}

@Article{sethuraman94constructive,
  author =       {J. Sethuraman},
  title =        {A Constructive Definition of {D}irichlet Priors},
  journal =      {Statistica Sinica},
  year =         {1994},
  OPTkey =       {},
  volume =       {4},
  OPTnumber =    {},
  pages =        {639--650},
  OPTmonth =     {},
  OPTnote =      {},
  OPTannote =    {}
}

@Article{ishwaran03generalized,
  author =       {H. Ishwaran and L.~F. James},
  title =        {Generalized Weighted {C}hinese Restaurant Processes for Species Sampling Mixture Models},
  journal =      {Statistica Sinica},
  year =         {2003},
  OPTkey =       {},
  volume =       {13},
  number =       {4},
  pages =        {1211--1236},
  OPTmonth =     {},
  OPTnote =      {},
  OPTannote =    {}
}

@Article{kingman78representation,
  author =       {J.~F.~.C Kingman},
  title =        {The Representation of Partition Structures},
  journal =      {Journal of the London Mathematical Society},
  year =         {1978},
  OPTkey =       {},
  volume =       {2},
  number =       {2},
  pages =        {374--380},
  OPTmonth =     {},
  OPTnote =      {},
  OPTannote =    {}
}

@Article{aldous85exchangeability,
  author =       {D. Aldous},
  title =        {Exchangeability and Related Topics},
  journal =      {{\'E}cole d'{\'E}t{\'e} de Probabilit{\'e}s de Saint-Flour XIII---1983},
  year =         {1985},
  OPTkey =       {},
  OPTvolume =    {},
  OPTnumber =    {},
  pages =        {1--198},
  OPTmonth =     {},
  OPTnote =      {},
  OPTannote =    {}
}

@InProceedings{wallach10alternative,
  author =       {H.~M. Wallach and S. Jensen and L. Dicker and K.~A. Heller},
  title =        {An alternative prior process for nonparametric {B}ayesian clustering},
  OPTcrossref =  {},
  OPTkey =       {},
  booktitle =    {Proceedings of the 13$^{\textrm{th}}$ International Conference on Artificial Intelligence and Statistics},
  year =         {2010},
  OPTeditor =    {},
  OPTvolume =    {},
  OPTnumber =    {},
  OPTseries =    {},
  OPTpages =     {},
  OPTmonth =     {},
  OPTaddress =   {},
  OPTorganization = {},
  OPTpublisher = {},
  OPTnote =      {},
  OPTannote =    {}
}

@Article{jain04split--merge,
  author =       {S. Jain and R. Neal},
  title =        {A Split--Merge {M}arkov Chain {M}onte {C}arlo Procedure for the {D}irichlet Process Mixture Model},
  journal =      {Journal of Computational and Graphical Statistics},
  year =         {2004},
  OPTkey =       {},
  volume =       {13},
  OPTnumber =    {},
  pages =        {158--182},
  OPTmonth =     {},
  OPTnote =      {},
  OPTannote =    {}
}

@Article{tierney94markov,
  author =       {L. Tierney},
  title =        {Markov Chains for Exploring Posterior Distributions},
  journal =      {The Annals of Statistics},
  year =         {1994},
  OPTkey =       {},
  OPTvolume =    {},
  OPTnumber =    {},
  pages =        {1701--1728},
  OPTmonth =     {},
  OPTnote =      {},
  OPTannote =    {}
}

